%%%%%%%%%%%%%%%%%%%%%%%%%%%%%%%%%%%%%%%%%%%%%%%%%%%%%%%%%%%%%%%%%%%%%%%%%%%%%%%%
%%
%% Список литературы
%%
%%%%%%%%%%%%%%%%%%%%%%%%%%%%%%%%%%%%%%%%%%%%%%%%%%%%%%%%%%%%%%%%%%%%%%%%%%%%%%%%

@ARTICLE { borealis,
	author = {M. Akhin, M. Belyaev, V. Itsykson},
	title = {Yet Another Defect Detection: Combining Bounded Model Checking and Code Contracts},
	year = 2013,
	journal = {Proc. of the 4th PSSV Workshop, 1-11}
}

%%%%%%%%%%%%%%%%%%%%%%%%%%%%%%%%%%%%%%%%%%%%%%%%%%%%%%%%%%%%%%%%%%%%%%%%%%%%%%%%

@ARTICLE { designByContract,
	author = {B. Meyer},
	title = {Design by Contract},
	year = 1986,
	journal = {Technical Report TR-EI-12/CO, Interactive Software Engineering Inc}
}

%%%%%%%%%%%%%%%%%%%%%%%%%%%%%%%%%%%%%%%%%%%%%%%%%%%%%%%%%%%%%%%%%%%%%%%%%%%%%%%%

@book { oosc-meyer,
	title = {Object-Oriented Software Construction},
	author = {B.~Meyer},
	isbn={0136291554},
	year={1997},
	publisher={Prentice Hall},
	language = {english},
}

%%%%%%%%%%%%%%%%%%%%%%%%%%%%%%%%%%%%%%%%%%%%%%%%%%%%%%%%%%%%%%%%%%%%%%%%%%%%%%%%

@manual { codeContracts,
	title = {Code Contracts},
	organization = {Microsoft Corporation},
}

%%%%%%%%%%%%%%%%%%%%%%%%%%%%%%%%%%%%%%%%%%%%%%%%%%%%%%%%%%%%%%%%%%%%%%%%%%%%%%%%

@manual { cccheck,
	title = {The CodeContracts static checker},
	author = {F.~Logozzo},
	organization = {Microsoft Corporation},
}

%%%%%%%%%%%%%%%%%%%%%%%%%%%%%%%%%%%%%%%%%%%%%%%%%%%%%%%%%%%%%%%%%%%%%%%%%%%%%%%%

@manual { framaC,
	title = {Frama-C},
	organization = {CEA LIST, Software Safety Laboratory},
}

%%%%%%%%%%%%%%%%%%%%%%%%%%%%%%%%%%%%%%%%%%%%%%%%%%%%%%%%%%%%%%%%%%%%%%%%%%%%%%%%

@manual { acsl,
	title = {ACSL: ANSI/ISO C Specification Language},
	organization = {CEA LIST and INRIA},
}

%%%%%%%%%%%%%%%%%%%%%%%%%%%%%%%%%%%%%%%%%%%%%%%%%%%%%%%%%%%%%%%%%%%%%%%%%%%%%%%%

@ARTICLE { extractingContractsFromJava,
	author = {Nikola Milanovic, Miroslaw Malek},
	title = {Extracting Functional and Non-functional Contracts from Java
Classes and Enterprise Java Beans},
	year = 2003,
	journal = {In Proceedings of the Workshop on Architecting Dependable Systems (WADS 2004)}
}

%%%%%%%%%%%%%%%%%%%%%%%%%%%%%%%%%%%%%%%%%%%%%%%%%%%%%%%%%%%%%%%%%%%%%%%%%%%%%%%%